@ARTICLE{2025arXiv250409725S,
       author = {{Sims}, Peter H. and \textbf{Harry T.~J. {Bevins}} and {Fialkov}, Anastasia and {Anstey}, Dominic and {Handley}, Will J. and {Heimersheim}, Stefan and {de Lera Acedo}, Eloy and {Mondal}, Rajesh and {Barkana}, Rennan},
        title = "{Rapid and Late Cosmic Reionization Driven by Massive Galaxies: a Joint Analysis of Constraints from 21-cm, Lyman Line \& CMB Data Sets}",
      journal = {arXiv e-prints},
     keywords = {Cosmology and Nongalactic Astrophysics, Instrumentation and Methods for Astrophysics},
         year = 2025,
        month = apr,
          eid = {arXiv:2504.09725},
        pages = {arXiv:2504.09725},
          doi = {10.48550/arXiv.2504.09725},
archivePrefix = {arXiv},
       eprint = {2504.09725},
 primaryClass = {astro-ph.CO},
       adsurl = {https://ui.adsabs.harvard.edu/abs/2025arXiv250409725S},
      adsnote = {Provided by the SAO/NASA Astrophysics Data System}
}



@article{dhandha2025exploitingsynergiesjwstcosmic,
      title={Exploiting synergies between JWST and cosmic 21-cm observations to uncover star formation in the early Universe}, 
      author={Jiten Dhandha and Thomas Gessey-Jones and \textbf{Harry T. J. Bevins} and Simon Pochinda and Anastasia Fialkov and Sandro Tacchella and Eloy de Lera Acedo and Saurabh Singh and Rennan Barkana},
      year={2025},
      eprint={2503.21687},
      archivePrefix={arXiv},
      primaryClass={astro-ph.GA},
      url={https://arxiv.org/abs/2503.21687}, 
}

@article{bevins2025accuracyposteriorrecoveryneural,
      title={On the accuracy of posterior recovery with neural network emulators}, 
      author={\textbf{H. T. J. Bevins} and T. Gessey-Jones and W. J. Handley},
      year={2025},
      eprint={2503.13263},
      archivePrefix={arXiv},
      primaryClass={astro-ph.CO},
      url={https://arxiv.org/abs/2503.13263}, 
}

@article{gesseyjones2025massdistributionstarsdetermined,
      title={The mass distribution of the first stars can be determined via the 21-cm signal}, 
      author={T. Gessey-Jones and N. S. Sartorio and \textbf{H. T. J. Bevins} and A. Fialkov and W. J. Handley and E. de Lera Acedo and G. M. Mirouh and R. G. Izzard and R. Barkana},
      year={2025},
      journal={Accepted \textbf{Nature Astronomy}},
      eprint={2502.18098},
      archivePrefix={arXiv},
      primaryClass={astro-ph.CO},
      url={https://arxiv.org/abs/2502.18098}, 
}

@ARTICLE{2024arXiv241214023K,
       author = {{Kirkham}, Christian J. and {Handley}, William J. and {Zhu}, Jiacong and {Artuc}, Kaan and {Leeney}, Samuel A.~K. and \textbf{Harry T. J. Bevins} and {Anstey}, Dominic J. and {de Lera Acedo}, Eloy},
        title = "{Accounting for Noise and Singularities in Bayesian Calibration Methods for Global 21-cm Cosmology Experiments}",
      journal = {arXiv e-prints},
     keywords = {Astrophysics - Instrumentation and Methods for Astrophysics, Astrophysics - Cosmology and Nongalactic Astrophysics},
         year = 2024,
        month = dec,
          eid = {arXiv:2412.14023},
        pages = {arXiv:2412.14023},
          doi = {10.48550/arXiv.2412.14023},
archivePrefix = {arXiv},
       eprint = {2412.14023},
 primaryClass = {astro-ph.IM},
       adsurl = {https://ui.adsabs.harvard.edu/abs/2024arXiv241214023K},
      adsnote = {Provided by the SAO/NASA Astrophysics Data System}
}

@ARTICLE{2024arXiv241117663P,
       author = {{Prathaban}, Metha and \textbf{Harry {Bevins}} and {Handley}, Will},
        title = "{Accelerated nested sampling with $\beta$-flows for gravitational waves}",
      journal = {arXiv e-prints},
     keywords = {Astrophysics - Instrumentation and Methods for Astrophysics, Astrophysics - High Energy Astrophysical Phenomena, General Relativity and Quantum Cosmology},
         year = 2024,
        month = nov,
          eid = {arXiv:2411.17663},
        pages = {arXiv:2411.17663},
          doi = {10.48550/arXiv.2411.17663},
archivePrefix = {arXiv},
       eprint = {2411.17663},
 primaryClass = {astro-ph.IM},
       adsurl = {https://ui.adsabs.harvard.edu/abs/2024arXiv241117663P},
      adsnote = {Provided by the SAO/NASA Astrophysics Data System}
}

@ARTICLE{2024arXiv240806012P,
       author = {{Pattison}, Joe H.~N. and {Cavillot}, Jean and \textbf{Harry T.~J. {Bevins}} and {Anstey}, Dominic J. and {de Lera Acedo}, Eloy},
        title = "{Global 21 cm Signal Recovery Under Changing Environmental Conditions}",
      journal = {arXiv e-prints},
     keywords = {Astrophysics - Cosmology and Nongalactic Astrophysics},
         year = 2024,
        month = aug,
          eid = {arXiv:2408.06012},
        pages = {arXiv:2408.06012},
          doi = {10.48550/arXiv.2408.06012},
archivePrefix = {arXiv},
       eprint = {2408.06012},
 primaryClass = {astro-ph.CO},
       adsurl = {https://ui.adsabs.harvard.edu/abs/2024arXiv240806012P},
      adsnote = {Provided by the SAO/NASA Astrophysics Data System}
}

@ARTICLE{2024arXiv240715478B,
       author = {\textbf{Harry T.~J. Bevins} and {Handley}, William J. and {Gessey-Jones}, Thomas},
        title = "{Calibrating Bayesian Tension Statistics using Neural Ratio Estimation}",
      journal = {arXiv e-prints},
     keywords = {Astrophysics - Cosmology and Nongalactic Astrophysics, Astrophysics - Instrumentation and Methods for Astrophysics},
         year = 2024,
        month = jul,
          eid = {arXiv:2407.15478},
        pages = {arXiv:2407.15478},
          doi = {10.48550/arXiv.2407.15478},
archivePrefix = {arXiv},
       eprint = {2407.15478},
 primaryClass = {astro-ph.CO},
       adsurl = {https://ui.adsabs.harvard.edu/abs/2024arXiv240715478B},
      adsnote = {Provided by the SAO/NASA Astrophysics Data System}
}

@ARTICLE{2024MNRAS.531.1113P,
       author = {{Pochinda}, S. and {Gessey-Jones}, T. and \textbf{H.~T.~J. Bevins} and {Fialkov}, A. and {Heimersheim}, S. and {Abril-Cabezas}, I. and {de Lera Acedo}, E. and {Singh}, S. and {Sikder}, S. and {Barkana}, R.},
        title = "{Constraining the properties of Population III galaxies with multiwavelength observations}",
      journal = {MNRAS},
     keywords = {Astrophysics - Cosmology and Nongalactic Astrophysics, Astrophysics - Astrophysics of Galaxies},
         year = 2024,
        month = jun,
       volume = {531},
       number = {1},
        pages = {1113-1132},
          doi = {10.1093/mnras/stae1185},
archivePrefix = {arXiv},
       eprint = {2312.08095},
 primaryClass = {astro-ph.CO},
       adsurl = {https://ui.adsabs.harvard.edu/abs/2024MNRAS.531.1113P},
      adsnote = {Provided by the SAO/NASA Astrophysics Data System}
}

@ARTICLE{2024MNRAS.529..519G,
       author = {{Gessey-Jones}, T. and {Pochinda}, S. and \textbf{H.~T.~J. Bevins} and {Fialkov}, A. and {Handley}, W.~J. and {de Lera Acedo}, E. and {Singh}, S. and {Barkana}, R.},
        title = "{On the constraints on superconducting cosmic strings from 21-cm cosmology}",
      journal = {MNRAS},
     keywords = {dark ages, reionization, first stars, early Universe, cosmology: observations, X-rays: diffuse background, Astrophysics - Cosmology and Nongalactic Astrophysics},
         year = 2024,
        month = mar,
       volume = {529},
       number = {1},
        pages = {519-536},
          doi = {10.1093/mnras/stae512},
archivePrefix = {arXiv},
       eprint = {2312.08828},
 primaryClass = {astro-ph.CO},
       adsurl = {https://ui.adsabs.harvard.edu/abs/2024MNRAS.529..519G},
      adsnote = {Provided by the SAO/NASA Astrophysics Data System}
}

@ARTICLE{2024MNRAS.527..813B,
       author = {\textbf{Harry T.~J. {Bevins}} and {Heimersheim}, Stefan and {Abril-Cabezas}, Irene and {Fialkov}, Anastasia and {de Lera Acedo}, Eloy and {Handley}, William and {Singh}, Saurabh and {Barkana}, Rennan},
        title = "{Joint analysis constraints on the physics of the first galaxies with low-frequency radio astronomy data}",
      journal = {MNRAS},
     keywords = {methods: data analysis, dark ages, reionization, first stars, Astrophysics - Cosmology and Nongalactic Astrophysics, Astrophysics - Instrumentation and Methods for Astrophysics},
         year = 2024,
        month = jan,
       volume = {527},
       number = {1},
        pages = {813-827},
          doi = {10.1093/mnras/stad3194},
archivePrefix = {arXiv},
       eprint = {2301.03298},
 primaryClass = {astro-ph.CO},
       adsurl = {https://ui.adsabs.harvard.edu/abs/2024MNRAS.527..813B},
      adsnote = {Provided by the SAO/NASA Astrophysics Data System}
}

@ARTICLE{2023MNRAS.526.4613B,
       author = {\textbf{Harry T.~J. {Bevins}} and {Handley}, William J. and {Lemos}, Pablo and {Sims}, Peter H. and {de Lera Acedo}, Eloy and {Fialkov}, Anastasia and {Alsing}, Justin},
        title = "{Marginal post-processing of Bayesian inference products with normalizing flows and kernel density estimators}",
      journal = {MNRAS},
     keywords = {methods: data analysis, methods: statistical, cosmic background radiation, dark ages, reionization, first stars, Astrophysics - Instrumentation and Methods for Astrophysics, Astrophysics - Cosmology and Nongalactic Astrophysics, Computer Science - Machine Learning},
         year = 2023,
        month = dec,
       volume = {526},
       number = {3},
        pages = {4613-4626},
          doi = {10.1093/mnras/stad2997},
archivePrefix = {arXiv},
       eprint = {2205.12841},
 primaryClass = {astro-ph.IM},
       adsurl = {https://ui.adsabs.harvard.edu/abs/2023MNRAS.526.4613B},
      adsnote = {Provided by the SAO/NASA Astrophysics Data System}
}

@ARTICLE{2023arXiv230700099R,
       author = {{Roque}, Ian L.~V. and {Razavi-Ghods}, Nima and {Carey}, Steven H. and {Ely}, John A. and {Handley}, Will and {Magro}, Alessio and {Chiello}, Riccardo and {Huang}, Tian and {Alexander}, P. and {Anstey}, D. and {Bernardi}, G. and \textbf{H.~T.~J. Bevins} and {Cavillot}, J. and {Croukamp}, W. and {Cumner}, J. and {de Lera Acedo}, E. and {de Villiers}, D.~I.~L. and {Fialkov}, A. and {Gessey-Jones}, T. and {Gueuning}, Q. and {Josaitis}, A.~T. and {Kulkarni}, G. and {Leeney}, S.~A.~K. and {Maiolino}, R. and {Meerburg}, P.~D. and {Mittal}, S. and {Pagano}, M. and {Pegwal}, S. and {Pieterse}, C. and {Pritchard}, J.~R. and {Saxena}, A. and {Scheutwinkel}, K.~H. and {Scott}, P. and {Shen}, E. and {Sims}, P.~H. and {Smirnov}, O. and {Spinelli}, M. and {Zarb-Adami}, K.},
        title = "{Receiver design for the REACH global 21-cm signal experiment}",
      journal = {arXiv e-prints},
     keywords = {Astrophysics - Instrumentation and Methods for Astrophysics},
         year = 2023,
        month = jun,
          eid = {arXiv:2307.00099},
        pages = {arXiv:2307.00099},
          doi = {10.48550/arXiv.2307.00099},
archivePrefix = {arXiv},
       eprint = {2307.00099},
 primaryClass = {astro-ph.IM},
       adsurl = {https://ui.adsabs.harvard.edu/abs/2023arXiv230700099R},
      adsnote = {Provided by the SAO/NASA Astrophysics Data System}
}

@ARTICLE{2023arXiv230502930B,
       author = {\textbf{Harry Bevins} and {Handley}, Will and {Gessey-Jones}, Thomas},
        title = "{Piecewise Normalizing Flows}",
      journal = {arXiv e-prints},
     keywords = {Statistics - Machine Learning, Computer Science - Machine Learning},
         year = 2023,
        month = may,
          eid = {arXiv:2305.02930},
        pages = {arXiv:2305.02930},
          doi = {10.48550/arXiv.2305.02930},
archivePrefix = {arXiv},
       eprint = {2305.02930},
 primaryClass = {stat.ML},
       adsurl = {https://ui.adsabs.harvard.edu/abs/2023arXiv230502930B},
      adsnote = {Provided by the SAO/NASA Astrophysics Data System}
}

@ARTICLE{2022NatAs...6.1473B,
       author = {\textbf{H.~T.~J. Bevins} and {Fialkov}, A. and {de Lera Acedo}, E. and {Handley}, W.~J. and {Singh}, S. and {Subrahmanyan}, R. and {Barkana}, R.},
        title = "{Astrophysical constraints from the SARAS 3 non-detection of the cosmic dawn sky-averaged 21-cm signal}",
      journal = {Nature Astronomy},
     keywords = {Astrophysics - Cosmology and Nongalactic Astrophysics},
         year = 2022,
        month = dec,
       volume = {6},
        pages = {1473-1483},
          doi = {10.1038/s41550-022-01825-6},
archivePrefix = {arXiv},
       eprint = {2212.00464},
 primaryClass = {astro-ph.CO},
       adsurl = {https://ui.adsabs.harvard.edu/abs/2022NatAs...6.1473B},
      adsnote = {Provided by the SAO/NASA Astrophysics Data System}
}

@ARTICLE{2022arXiv220711457B,
       author = {\textbf{Harry Bevins} and {Handley}, Will and {Lemos}, Pablo and {Sims}, Peter and {de Lera Acedo}, Eloy and {Fialkov}, Anastasia},
        title = "{Marginal Bayesian Statistics Using Masked Autoregressive Flows and Kernel Density Estimators with Examples in Cosmology}",
      journal = {arXiv e-prints},
     keywords = {Astrophysics - Cosmology and Nongalactic Astrophysics, Astrophysics - Instrumentation and Methods for Astrophysics},
         year = 2022,
        month = jul,
          eid = {arXiv:2207.11457},
        pages = {arXiv:2207.11457},
          doi = {10.48550/arXiv.2207.11457},
archivePrefix = {arXiv},
       eprint = {2207.11457},
 primaryClass = {astro-ph.CO},
       adsurl = {https://ui.adsabs.harvard.edu/abs/2022arXiv220711457B},
      adsnote = {Provided by the SAO/NASA Astrophysics Data System}
}

@ARTICLE{2022NatAs...6..984D,
       author = {{de Lera Acedo}, E. and {de Villiers}, D.~I.~L. and {Razavi-Ghods}, N. and {Handley}, W. and {Fialkov}, A. and {Magro}, A. and {Anstey}, D. and \textbf{H.~T.~J. Bevins} and {Chiello}, R. and {Cumner}, J. and {Josaitis}, A.~T. and {Roque}, I.~L.~V. and {Sims}, P.~H. and {Scheutwinkel}, K.~H. and {Alexander}, P. and {Bernardi}, G. and {Carey}, S. and {Cavillot}, J. and {Croukamp}, W. and {Ely}, J.~A. and {Gessey-Jones}, T. and {Gueuning}, Q. and {Hills}, R. and {Kulkarni}, G. and {Maiolino}, R. and {Meerburg}, P.~D. and {Mittal}, S. and {Pritchard}, J.~R. and {Puchwein}, E. and {Saxena}, A. and {Shen}, E. and {Smirnov}, O. and {Spinelli}, M. and {Zarb-Adami}, K.},
        title = "{The REACH radiometer for detecting the 21-cm hydrogen signal from redshift z {\ensuremath{\approx}} 7.5-28}",
      journal = {Nature Astronomy},
     keywords = {Astrophysics - Cosmology and Nongalactic Astrophysics, Astrophysics - Astrophysics of Galaxies, Astrophysics - Instrumentation and Methods for Astrophysics},
         year = 2022,
        month = jul,
       volume = {6},
        pages = {984-998},
          doi = {10.1038/s41550-022-01709-9},
archivePrefix = {arXiv},
       eprint = {2210.07409},
 primaryClass = {astro-ph.CO},
       adsurl = {https://ui.adsabs.harvard.edu/abs/2022NatAs...6..984D},
      adsnote = {Provided by the SAO/NASA Astrophysics Data System}
}

@ARTICLE{2022MNRAS.513.4507B,
       author = {\textbf{H.~T.~J. Bevins} and {de Lera Acedo}, E. and {Fialkov}, A. and {Handley}, W.~J. and {Singh}, S. and {Subrahmanyan}, R. and {Barkana}, R.},
        title = "{A comprehensive Bayesian reanalysis of the SARAS2 data from the epoch of reionization}",
      journal = {MNRAS},
     keywords = {cosmology: observations, dark ages, reionization, first stars, early Universe, Astrophysics - Cosmology and Nongalactic Astrophysics},
         year = 2022,
        month = jul,
       volume = {513},
       number = {3},
        pages = {4507-4526},
          doi = {10.1093/mnras/stac1158},
archivePrefix = {arXiv},
       eprint = {2201.11531},
 primaryClass = {astro-ph.CO},
       adsurl = {https://ui.adsabs.harvard.edu/abs/2022MNRAS.513.4507B},
      adsnote = {Provided by the SAO/NASA Astrophysics Data System}
}

@ARTICLE{2022JAI....1150001C,
       author = {{Cumner}, J. and {de Lera Acedo}, E. and {de Villiers}, D.~I.~L. and {Anstey}, D. and {Kolitsidas}, C.~I. and {Gurdon}, B. and {Fagnoni}, N. and {Alexander}, P. and {Bernardi}, G. and \textbf{H.~T.~J. Bevins} and {Carey}, S. and {Cavillot}, J. and {Chiello}, R. and {Craeye}, C. and {Croukamp}, W. and {Ely}, J.~A. and {Fialkov}, A. and {Gessey-Jones}, T. and {Gueuning}, Q. and {Handley}, W. and {Hills}, R. and {Josaitis}, A.~T. and {Kulkarni}, G. and {Magro}, A. and {Maiolino}, R. and {Meerburg}, P.~D. and {Mittal}, S. and {Pritchard}, J.~R. and {Puchwein}, E. and {Razavi-Ghods}, N. and {Roque}, I.~L.~V. and {Saxena}, A. and {Scheutwinkel}, K.~H. and {Shen}, E. and {Sims}, P.~H. and {Smirnov}, O. and {Spinelli}, M. and {Zarb-Adami}, K.},
        title = "{Radio Antenna Design for Sky-Averaged 21cm Cosmology Experiments: The REACH Case}",
      journal = {Journal of Astronomical Instrumentation},
     keywords = {21cm cosmology, radio antenna, global experiment, Astrophysics - Instrumentation and Methods for Astrophysics, Astrophysics - Cosmology and Nongalactic Astrophysics},
         year = 2022,
        month = jan,
       volume = {11},
       number = {1},
          eid = {2250001-2058},
        pages = {2250001-2058},
          doi = {10.1142/S2251171722500015},
archivePrefix = {arXiv},
       eprint = {2109.10098},
 primaryClass = {astro-ph.IM},
       adsurl = {https://ui.adsabs.harvard.edu/abs/2022JAI....1150001C},
      adsnote = {Provided by the SAO/NASA Astrophysics Data System}
}

@ARTICLE{2021MNRAS.508.2923B,
       author = {\textbf{H.~T.~J. Bevins} and {Handley}, W.~J. and {Fialkov}, A. and {de Lera Acedo}, E. and {Javid}, K.},
        title = "{GLOBALEMU: a novel and robust approach for emulating the sky-averaged 21-cm signal from the cosmic dawn and epoch of reionization}",
      journal = {MNRAS},
     keywords = {early Universe, reionization, first stars, dark ages, software: data analysis, software: simulations, Astrophysics - Cosmology and Nongalactic Astrophysics, Astrophysics - Instrumentation and Methods for Astrophysics},
         year = 2021,
        month = dec,
       volume = {508},
       number = {2},
        pages = {2923-2936},
          doi = {10.1093/mnras/stab2737},
archivePrefix = {arXiv},
       eprint = {2104.04336},
 primaryClass = {astro-ph.CO},
       adsurl = {https://ui.adsabs.harvard.edu/abs/2021MNRAS.508.2923B},
      adsnote = {Provided by the SAO/NASA Astrophysics Data System}
}
@ARTICLE{2021MNRAS.502.4405B,
       author = {\textbf{H.~T.~J. Bevins} and {Handley}, W.~J. and {Fialkov}, A. and {de Lera Acedo}, E. and {Greenhill}, L.~J. and {Price}, D.~C.},
        title = "{MAXSMOOTH: rapid maximally smooth function fitting with applications in Global 21-cm cosmology}",
      journal = {MNRAS},
     keywords = {methods: data analysis, dark ages, reionization, first stars, early Universe, Astrophysics - Cosmology and Nongalactic Astrophysics, Astrophysics - Instrumentation and Methods for Astrophysics},
         year = 2021,
        month = apr,
       volume = {502},
       number = {3},
        pages = {4405-4425},
          doi = {10.1093/mnras/stab152},
archivePrefix = {arXiv},
       eprint = {2007.14970},
 primaryClass = {astro-ph.CO},
       adsurl = {https://ui.adsabs.harvard.edu/abs/2021MNRAS.502.4405B},
      adsnote = {Provided by the SAO/NASA Astrophysics Data System}
}

@ARTICLE{2021APh...12602532N,
       author = {{Ni{\c{t}}u}, I.~C. and \textbf{H.~T.~J. Bevins} and {Bray}, J.~D. and {Scaife}, A.~M.~M.},
        title = "{An updated estimate of the cosmic radio background and implications for ultra-high-energy photon propagation}",
      journal = {Astroparticle Physics},
     keywords = {Cosmic radio background, Star-forming galaxies, Radio galaxies, Low-frequency radio, Ultra-high-energy photons, Astrophysics - High Energy Astrophysical Phenomena},
         year = 2021,
        month = mar,
       volume = {126},
          eid = {102532},
        pages = {102532},
          doi = {10.1016/j.astropartphys.2020.102532},
archivePrefix = {arXiv},
       eprint = {2004.13596},
 primaryClass = {astro-ph.HE},
       adsurl = {https://ui.adsabs.harvard.edu/abs/2021APh...12602532N},
      adsnote = {Provided by the SAO/NASA Astrophysics Data System}
}

@ARTICLE{2020JOSS....5.2596B,
       author = {\textbf{Harry Bevins}},
        title = "{maxsmooth: Derivative Constrained Function Fitting}",
      journal = {The Journal of Open Source Software},
     keywords = {astrophysics, Python, Jupyter Notebook, cosmology},
         year = 2020,
        month = oct,
       volume = {5},
       number = {54},
          eid = {2596},
        pages = {2596},
          doi = {10.21105/joss.02596},
       adsurl = {https://ui.adsabs.harvard.edu/abs/2020JOSS....5.2596B},
      adsnote = {Provided by the SAO/NASA Astrophysics Data System}
}
